@misc{openai_saes_2024,
	title = {Scaling and evaluating sparse autoencoders},
	url = {http://arxiv.org/abs/2406.04093},
	doi = {10.48550/arXiv.2406.04093},
	urldate = {2024-07-15},
	publisher = {arXiv},
	author = {Gao, Leo and la Tour, Tom Dupr√© and Tillman, Henk and Goh, Gabriel and Troll, Rajan and Radford, Alec and Sutskever, Ilya and Leike, Jan and Wu, Jeffrey},
	month = jun,
	year = {2024},
  note = {arXiv:2406.04093 [cs], version: 1},
	keywords = {Computer Science - Artificial Intelligence, Computer Science - Machine Learning},
	file = {arXiv Fulltext PDF:/Users/Kola/Zotero/storage/ZTLUHV6I/Gao et al. - 2024 - Scaling and evaluating sparse autoencoders.pdf:application/pdf;arXiv.org Snapshot:/Users/Kola/Zotero/storage/DXXUYTGA/2406.html:text/html},
}

@misc{ayonrinde2024_mdl_saes,
  title         = {Interpretability as Compression: Reconsidering SAE Explanations of Neural Activations with MDL-SAEs},
  author        = {Kola Ayonrinde and Michael T. Pearce and Lee Sharkey},
  year          = {2024},
  eprint        = {2410.11179},
  archiveprefix = {arXiv},
  primaryclass  = {cs.LG},
  url           = {https://arxiv.org/abs/2410.11179}
}

@inproceedings{ayonrinde2025bidirectional_interp,
  title={Position: Interpretability is a Bidirectional Communication Problem},
  author={Kola Ayonrinde},
  booktitle={ICLR 2025 Workshop on Bidirectional Human-AI Alignment},
  year={2025},
  url={https://openreview.net/forum?id=O4LaRH4zSI}
}

@misc{ayonrinde2025phil_explanations,
      title={A Mathematical Philosophy of Explanations in Mechanistic Interpretability -- The Strange Science Part I.i},
      author={Kola Ayonrinde and Louis Jaburi},
      year={2025},
      eprint={2505.00808},
      archivePrefix={arXiv},
      primaryClass={cs.LG},
      url={https://arxiv.org/abs/2505.00808},
}

@misc{ayonrinde2025explanatory_virtues_framework,
      title={Evaluating Explanations: An Explanatory Virtues Framework for Mechanistic Interpretability -- The Strange Science Part I.ii},
      author={Kola Ayonrinde and Louis Jaburi},
      year={2025},
      eprint={2505.01372},
      archivePrefix={arXiv},
      primaryClass={cs.LG},
      url={https://arxiv.org/abs/2505.01372},
}
